<collection xmlns="http://www.loc.gov/MARC21/slim">
<record>
  <leader>04108nam0a22006491i 450 </leader>
  <controlfield tag="001">IT\ICCU\CNCE\064980</controlfield>
  <controlfield tag="005">20130610000000.0</controlfield>
  <datafield tag="012" ind1=" " ind2=" ">
    <subfield code="a">xeas n-a- .]i- alad (3) 158. (R)</subfield>
    <subfield code="2">fei</subfield>
  </datafield>
  <datafield tag="100" ind1=" " ind2=" ">
    <subfield code="a">20060704d158.        0itac0103    ba</subfield>
  </datafield>
  <datafield tag="101" ind1=" " ind2=" ">
    <subfield code="a">LAT</subfield>
  </datafield>
  <datafield tag="102" ind1=" " ind2=" ">
    <subfield code="a">IT</subfield>
  </datafield>
  <datafield tag="200" ind1="1" ind2=" ">
    <subfield code="a">℗Publii Virgilii Maronis poetae Mantuani ℗Vniuersum poema: cum absoluta Seruii Honorati Mauri, grammatici, &amp; Badij Ascensij interpretatione: Probi, &amp; Ioannis Viuis in eclogas allegorijs; quibus accesserunt Ludouici Coelii Rhodigini, Ioan. Scoppae Parthenopaei, Iacobi Constantij Fanensis, Francisci Campani Colensis, Iacobi Crucij Bonon. necnon alterius docti hominis lucubrationes, et annotationes in loca difficiliora. Elegantissimae praeterea librorum omnium figurae, argumenta ... quas ... et alij doctissimi viri hactenus obseruarunt ...</subfield>
  </datafield>
  <datafield tag="210" ind1=" " ind2=" ">
    <subfield code="a">Venetiis</subfield>
    <subfield code="c">apud Petrum Dusinellum</subfield>
    <subfield code="d">158.</subfield>
    <subfield code="e">Venetiis</subfield>
    <subfield code="h">1585</subfield>
  </datafield>
  <datafield tag="215" ind1=" " ind2=" ">
    <subfield code="a">\4!, 389 \i.e. 390! c.</subfield>
    <subfield code="c">ill.</subfield>
    <subfield code="d">fol</subfield>
  </datafield>
  <datafield tag="620" ind1=" " ind2=" ">
    <subfield code="a">IT</subfield>
    <subfield code="d">Venezia</subfield>
  </datafield>
  <datafield tag="700" ind1=" " ind2="1">
    <subfield code="a">Vergilius Maro,</subfield>
    <subfield code="b">Publius</subfield>
    <subfield code="3">IT\ICCU\CNCA\001093</subfield>
  </datafield>
  <datafield tag="702" ind1=" " ind2="1">
    <subfield code="a">Bade,</subfield>
    <subfield code="b">Josse</subfield>
    <subfield code="3">IT\ICCU\CNCA\001185</subfield>
  </datafield>
  <datafield tag="702" ind1=" " ind2="1">
    <subfield code="a">Dalla_Croce,</subfield>
    <subfield code="b">Giacomo</subfield>
    <subfield code="3">IT\ICCU\CNCA\002172</subfield>
  </datafield>
  <datafield tag="702" ind1=" " ind2="1">
    <subfield code="a">Campana,</subfield>
    <subfield code="b">Francesco</subfield>
    <subfield code="3">IT\ICCU\CNCA\002457</subfield>
  </datafield>
  <datafield tag="702" ind1=" " ind2="1">
    <subfield code="a">Costanzi,</subfield>
    <subfield code="b">Giacomo</subfield>
    <subfield code="3">IT\ICCU\CNCA\003134</subfield>
  </datafield>
  <datafield tag="702" ind1=" " ind2="1">
    <subfield code="a">Scoppa,</subfield>
    <subfield code="b">Lucio Giovanni</subfield>
    <subfield code="3">IT\ICCU\CNCA\003172</subfield>
  </datafield>
  <datafield tag="702" ind1=" " ind2="1">
    <subfield code="a">Probus,</subfield>
    <subfield code="b">Marcus Valerius</subfield>
    <subfield code="3">IT\ICCU\CNCA\004470</subfield>
  </datafield>
  <datafield tag="702" ind1=" " ind2="1">
    <subfield code="a">Vives,</subfield>
    <subfield code="b">Juan Luis</subfield>
    <subfield code="3">IT\ICCU\CNCA\006590</subfield>
  </datafield>
  <datafield tag="702" ind1=" " ind2="1">
    <subfield code="a">Ricchieri,</subfield>
    <subfield code="b">Lodovico</subfield>
    <subfield code="3">IT\ICCU\CNCA\013437</subfield>
  </datafield>
  <datafield tag="702" ind1=" " ind2="1">
    <subfield code="a">Servius,</subfield>
    <subfield code="b">Maurus Honoratus</subfield>
    <subfield code="3">IT\ICCU\CNCA\000325</subfield>
  </datafield>
  <datafield tag="712" ind1="0" ind2="0">
    <subfield code="a">Dusinelli, Pietro</subfield>
    <subfield code="3">IT\ICCU\CNCT\000536</subfield>
    <subfield code="4">650</subfield>
  </datafield>
  <datafield tag="790" ind1=" " ind2="0">
    <subfield code="a">Virgilio</subfield>
    <subfield code="3">IT\ICCU\CNCA\015017</subfield>
    <subfield code="z">Vergilius Maro, Publius</subfield>
  </datafield>
  <datafield tag="790" ind1=" " ind2="0">
    <subfield code="a">Badius Ascensius Jodocus</subfield>
    <subfield code="3">IT\ICCU\CNCA\003294</subfield>
    <subfield code="z">Bade, Josse</subfield>
  </datafield>
  <datafield tag="790" ind1=" " ind2="0">
    <subfield code="a">Ascensius</subfield>
    <subfield code="3">IT\ICCU\CNCA\026332</subfield>
    <subfield code="z">Bade, Josse</subfield>
  </datafield>
  <datafield tag="790" ind1=" " ind2="1">
    <subfield code="a">Crucius,</subfield>
    <subfield code="b">Iacobus</subfield>
    <subfield code="3">IT\ICCU\CNCA\002393</subfield>
    <subfield code="z">Dalla_Croce, Giacomo</subfield>
  </datafield>
  <datafield tag="790" ind1=" " ind2="0">
    <subfield code="a">Jacobus</subfield>
    <subfield code="c"> : a#Cruce</subfield>
    <subfield code="3">IT\ICCU\CNCA\004556</subfield>
    <subfield code="z">Dalla_Croce, Giacomo</subfield>
  </datafield>
  <datafield tag="790" ind1=" " ind2="0">
    <subfield code="a">Iacobus</subfield>
    <subfield code="c"> : Bononiensis</subfield>
    <subfield code="3">IT\ICCU\CNCA\017067</subfield>
    <subfield code="z">Dalla_Croce, Giacomo</subfield>
  </datafield>
  <datafield tag="790" ind1=" " ind2="1">
    <subfield code="a">Croce,</subfield>
    <subfield code="b">Giacomo : dalla</subfield>
    <subfield code="3">IT\ICCU\CNCA\020844</subfield>
    <subfield code="z">Dalla_Croce, Giacomo</subfield>
  </datafield>
  <datafield tag="790" ind1=" " ind2="0">
    <subfield code="a">Franciscus</subfield>
    <subfield code="c"> : campanus</subfield>
    <subfield code="3">IT\ICCU\CNCA\014245</subfield>
    <subfield code="z">Campana, Francesco</subfield>
  </datafield>
  <datafield tag="790" ind1=" " ind2="1">
    <subfield code="a">Constantius,</subfield>
    <subfield code="b">Iacobus</subfield>
    <subfield code="3">IT\ICCU\CNCA\013705</subfield>
    <subfield code="z">Costanzi, Giacomo</subfield>
  </datafield>
  <datafield tag="790" ind1=" " ind2="0">
    <subfield code="a">Jacopo</subfield>
    <subfield code="c"> : da#Fano</subfield>
    <subfield code="3">IT\ICCU\CNCA\013799</subfield>
    <subfield code="z">Costanzi, Giacomo</subfield>
  </datafield>
  <datafield tag="790" ind1=" " ind2="0">
    <subfield code="a">Iacobus</subfield>
    <subfield code="c"> : Phanensis</subfield>
    <subfield code="3">IT\ICCU\CNCA\022696</subfield>
    <subfield code="z">Costanzi, Giacomo</subfield>
  </datafield>
  <datafield tag="790" ind1=" " ind2="1">
    <subfield code="a">Scoppa,</subfield>
    <subfield code="b">Lucius Johannes</subfield>
    <subfield code="3">IT\ICCU\CNCA\015211</subfield>
    <subfield code="z">Scoppa, Lucio Giovanni</subfield>
  </datafield>
  <datafield tag="790" ind1=" " ind2="0">
    <subfield code="a">Probus</subfield>
    <subfield code="3">IT\ICCU\CNCA\017417</subfield>
    <subfield code="z">Probus, Marcus Valerius</subfield>
  </datafield>
  <datafield tag="790" ind1=" " ind2="1">
    <subfield code="a">Probus Berytius,</subfield>
    <subfield code="b">Marcus Valerius</subfield>
    <subfield code="3">IT\ICCU\CNCA\018685</subfield>
    <subfield code="z">Probus, Marcus Valerius</subfield>
  </datafield>
  <datafield tag="790" ind1=" " ind2="1">
    <subfield code="a">Probus,</subfield>
    <subfield code="b">Valerius</subfield>
    <subfield code="3">IT\ICCU\CNCA\022681</subfield>
    <subfield code="z">Probus, Marcus Valerius</subfield>
  </datafield>
  <datafield tag="790" ind1=" " ind2="1">
    <subfield code="a">Vives,</subfield>
    <subfield code="b">Joannes Ludovicus</subfield>
    <subfield code="3">IT\ICCU\CNCA\010249</subfield>
    <subfield code="z">Vives, Juan Luis</subfield>
  </datafield>
  <datafield tag="790" ind1=" " ind2="1">
    <subfield code="a">Vivius,</subfield>
    <subfield code="b">Ioannes</subfield>
    <subfield code="3">IT\ICCU\CNCA\017909</subfield>
    <subfield code="z">Vives, Juan Luis</subfield>
  </datafield>
  <datafield tag="790" ind1=" " ind2="1">
    <subfield code="a">Caelius,</subfield>
    <subfield code="b">Lodovicus</subfield>
    <subfield code="3">IT\ICCU\CNCA\010503</subfield>
    <subfield code="z">Ricchieri, Lodovico</subfield>
  </datafield>
  <datafield tag="790" ind1=" " ind2="0">
    <subfield code="a">Caelius</subfield>
    <subfield code="c"> : Rhodiginus</subfield>
    <subfield code="3">IT\ICCU\CNCA\012956</subfield>
    <subfield code="z">Ricchieri, Lodovico</subfield>
  </datafield>
  <datafield tag="790" ind1=" " ind2="0">
    <subfield code="a">Celio</subfield>
    <subfield code="c"> : Rodigino</subfield>
    <subfield code="3">IT\ICCU\CNCA\013128</subfield>
    <subfield code="z">Ricchieri, Lodovico</subfield>
  </datafield>
  <datafield tag="790" ind1=" " ind2="1">
    <subfield code="a">Rhodiginus,</subfield>
    <subfield code="b">Ludovicus Coelius</subfield>
    <subfield code="3">IT\ICCU\CNCA\014908</subfield>
    <subfield code="z">Ricchieri, Lodovico</subfield>
  </datafield>
  <datafield tag="790" ind1=" " ind2="1">
    <subfield code="a">Apuleius,</subfield>
    <subfield code="b">Lucius Caecilius Minutianus</subfield>
    <subfield code="3">IT\ICCU\CNCA\023558</subfield>
    <subfield code="z">Ricchieri, Lodovico</subfield>
  </datafield>
  <datafield tag="790" ind1=" " ind2="1">
    <subfield code="a">Ricchieri,</subfield>
    <subfield code="b">Ludovico</subfield>
    <subfield code="3">IT\ICCU\CNCA\023559</subfield>
    <subfield code="z">Ricchieri, Lodovico</subfield>
  </datafield>
  <datafield tag="790" ind1=" " ind2="1">
    <subfield code="a">Servius Honoratus,</subfield>
    <subfield code="b">Maurus</subfield>
    <subfield code="3">IT\ICCU\CNCA\015348</subfield>
    <subfield code="z">Servius, Maurus Honoratus</subfield>
  </datafield>
  <datafield tag="790" ind1=" " ind2="0">
    <subfield code="a">Servius</subfield>
    <subfield code="3">IT\ICCU\CNCA\020791</subfield>
    <subfield code="z">Servius, Maurus Honoratus</subfield>
  </datafield>
  <datafield tag="790" ind1=" " ind2="1">
    <subfield code="a">Servius,</subfield>
    <subfield code="b">Marius</subfield>
    <subfield code="3">IT\ICCU\CNCA\020792</subfield>
    <subfield code="z">Servius, Maurus Honoratus</subfield>
  </datafield>
  <datafield tag="791" ind1="0" ind2="0">
    <subfield code="a">Dusinellus, Petrus</subfield>
    <subfield code="3">IT\ICCU\CNCT\004750</subfield>
    <subfield code="z">Dusinelli, Pietro</subfield>
  </datafield>
  <datafield tag="801" ind1=" " ind2="3">
    <subfield code="a">IT</subfield>
    <subfield code="b">ICCU</subfield>
    <subfield code="c">20201115</subfield>
  </datafield>
  <datafield tag="899" ind1=" " ind2=" ">
    <subfield code="a">Biblioteca nazionale centrale. Roma</subfield>
    <subfield code="z">MUTILO</subfield>
    <subfield code="1">RM0267</subfield>
    <subfield code="2">BVE CR</subfield>
  </datafield>
  <datafield tag="911" ind1=" " ind2=" ">
    <subfield code="a">Sul front.</subfield>
    <subfield code="9">IT\ICCU\CNCM\000772</subfield>
  </datafield>
  <datafield tag="921" ind1=" " ind2=" ">
    <subfield code="a">IT\ICCU\CNCM\000772</subfield>
    <subfield code="b">Fortuna (donna su  nave con vela al vento). A prora Mercurio con caduceo. In cornice figurata</subfield>
    <subfield code="e">In dies arte ac fortuna.</subfield>
    <subfield code="c">V343</subfield>
    <subfield code="f">FORTUNA</subfield>
    <subfield code="f">DONNA</subfield>
    <subfield code="f">VELA</subfield>
    <subfield code="f">MERCURIO</subfield>
    <subfield code="f">INDIESARTE</subfield>
    <subfield code="g">158.-1591</subfield>
  </datafield>
</record>
</collection>
